@article{journals/queue/SutterL05,
	author    = {Herb Sutter and
	James R. Larus},
	title     = {Software and the concurrency revolution},
	journal   = {{ACM} Queue},
	volume    = {3},
	number    = {7},
	pages     = {54--62},
	year      = {2005},
	url       = {http://doi.acm.org/10.1145/1095408.1095421},
	doi       = {10.1145/1095408.1095421},
	timestamp = {Thu, 16 Mar 2006 13:01:05 +0100},
	biburl    = {http://dblp.uni-trier.de/rec/bib/journals/queue/SutterL05},
	bibsource = {dblp computer science bibliography, http://dblp.org}
}


@article{journals/corr/McKenney17,
	author    = {Paul E. McKenney},
	title     = {Is Parallel Programming Hard, And, If So, What Can You Do About It?
	(v2017.01.02a)},
	journal   = {CoRR},
	volume    = {abs/1701.00854},
	year      = {2017},
	url       = {http://arxiv.org/abs/1701.00854},
	timestamp = {Wed, 01 Feb 2017 17:47:56 +0100},
	biburl    = {http://dblp.uni-trier.de/rec/bib/journals/corr/McKenney17},
	bibsource = {dblp computer science bibliography, http://dblp.org}
}

@inproceedings{conf/pldi/FlanaganF09,
	author    = {Cormac Flanagan and
	Stephen N. Freund},
	title     = {FastTrack: efficient and precise dynamic race detection},
	booktitle = {Proceedings of the 2009 {ACM} {SIGPLAN} Conference on Programming
	Language Design and Implementation, {PLDI} 2009, Dublin, Ireland,
	June 15-21, 2009},
	pages     = {121--133},
	year      = {2009},
	crossref  = {DBLP:conf/pldi/2009},
	url       = {http://doi.acm.org/10.1145/1542476.1542490},
	doi       = {10.1145/1542476.1542490},
	timestamp = {Thu, 18 Jun 2009 21:03:16 +0200},
	biburl    = {http://dblp.uni-trier.de/rec/bib/conf/pldi/FlanaganF09},
	bibsource = {dblp computer science bibliography, http://dblp.org}
}

@inproceedings{conf/kbse/KroeningPSW16,
	author    = {Daniel Kroening and
	Daniel Poetzl and
	Peter Schrammel and
	Bj{\"{o}}rn Wachter},
	title     = {Sound static deadlock analysis for C/Pthreads},
	booktitle = {Proceedings of the 31st {IEEE/ACM} International Conference on Automated
	Software Engineering, {ASE} 2016, Singapore, September 3-7, 2016},
	pages     = {379--390},
	year      = {2016},
	crossref  = {DBLP:conf/kbse/2016},
	url       = {http://doi.acm.org/10.1145/2970276.2970309},
	doi       = {10.1145/2970276.2970309},
	timestamp = {Mon, 10 Oct 2016 15:09:35 +0200},
	biburl    = {http://dblp.uni-trier.de/rec/bib/conf/kbse/KroeningPSW16},
	bibsource = {dblp computer science bibliography, http://dblp.org}
}

@inproceedings{conf/pldi/FlanaganFY08,
	author    = {Cormac Flanagan and
	Stephen N. Freund and
	Jaeheon Yi},
	title     = {Velodrome: a sound and complete dynamic atomicity checker for multithreaded
	programs},
	booktitle = {Proceedings of the {ACM} {SIGPLAN} 2008 Conference on Programming
	Language Design and Implementation, Tucson, AZ, USA, June 7-13, 2008},
	pages     = {293--303},
	year      = {2008},
	crossref  = {DBLP:conf/pldi/2008},
	url       = {http://doi.acm.org/10.1145/1375581.1375618},
	doi       = {10.1145/1375581.1375618},
	timestamp = {Mon, 16 Jun 2008 08:31:44 +0200},
	biburl    = {http://dblp.uni-trier.de/rec/bib/conf/pldi/FlanaganFY08},
	bibsource = {dblp computer science bibliography, http://dblp.org}
}

@inproceedings{conf/java/Lea00,
	author    = {Doug Lea},
	title     = {A Java fork/join framework},
	booktitle = {Java Grande},
	pages     = {36--43},
	year      = {2000},
	url       = {http://doi.acm.org/10.1145/337449.337465},
	doi       = {10.1145/337449.337465},
	timestamp = {Tue, 17 Dec 2002 10:23:19 +0100},
	biburl    = {http://dblp.uni-trier.de/rec/bib/conf/java/Lea00},
	bibsource = {dblp computer science bibliography, http://dblp.org}
}

@inproceedings{conf/oopsla/Bagherzadeh15,
	author    = {Mehdi Bagherzadeh},
	title     = {Panini: a concurrent programming model with modular reasoning},
	booktitle = {Companion Proceedings of the 2015 {ACM} {SIGPLAN} International Conference
	on Systems, Programming, Languages and Applications: Software for
	Humanity, {SPLASH} 2015, Pittsburgh, PA, USA, October 25-30, 2015},
	pages     = {30--32},
	year      = {2015},
	crossref  = {DBLP:conf/oopsla/2015c},
	url       = {http://doi.acm.org/10.1145/2814189.2814198},
	doi       = {10.1145/2814189.2814198},
	timestamp = {Fri, 30 Oct 2015 09:07:56 +0100},
	biburl    = {http://dblp.uni-trier.de/rec/bib/conf/oopsla/Bagherzadeh15},
	bibsource = {dblp computer science bibliography, http://dblp.org}
}

@inproceedings{conf/sosp/DavidGT13,
	author    = {Tudor David and
	Rachid Guerraoui and
	Vasileios Trigonakis},
	title     = {Everything you always wanted to know about synchronization but were
	afraid to ask},
	booktitle = {{ACM} {SIGOPS} 24th Symposium on Operating Systems Principles, {SOSP}
	'13, Farmington, PA, USA, November 3-6, 2013},
	pages     = {33--48},
	year      = {2013},
	crossref  = {DBLP:conf/sosp/2013},
	url       = {http://doi.acm.org/10.1145/2517349.2522714},
	doi       = {10.1145/2517349.2522714},
	timestamp = {Thu, 17 Oct 2013 13:18:29 +0200},
	biburl    = {http://dblp.uni-trier.de/rec/bib/conf/sosp/DavidGT13},
	bibsource = {dblp computer science bibliography, http://dblp.org}
}

@article{journals/ml/CortesV95,
  author    = {Corinna Cortes and
               Vladimir Vapnik},
  title     = {Support-Vector Networks},
  journal   = {Machine Learning},
  volume    = {20},
  number    = {3},
  pages     = {273--297},
  year      = {1995},
  url       = {http://dx.doi.org/10.1007/BF00994018},
  doi       = {10.1007/BF00994018},
  timestamp = {Thu, 26 May 2011 15:25:06 +0200},
  biburl    = {http://dblp.uni-trier.de/rec/bib/journals/ml/CortesV95},
  bibsource = {dblp computer science bibliography, http://dblp.org}
}

@article{libsvm,
 author = {Chang, Chih-Chung and Lin, Chih-Jen},
 title = {{LIBSVM}: A library for support vector machines},
 journal = {ACM Transactions on Intelligent Systems and Technology},
 volume = {2},
 issue = {3},
 year = {2011},
 pages = {27:1--27:27},
 note =	 {Software available at \url{http://www.csie.ntu.edu.tw/~cjlin/libsvm}}
}

@inproceedings{conf/icse/TianLL12,
  author    = {Yuan Tian and
               Julia L. Lawall and
               David Lo},
  title     = {Identifying Linux bug fixing patches},
  booktitle = {34th International Conference on Software Engineering, {ICSE} 2012,
               June 2-9, 2012, Zurich, Switzerland},
  pages     = {386--396},
  year      = {2012},
  crossref  = {DBLP:conf/icse/2012},
  url       = {http://dx.doi.org/10.1109/ICSE.2012.6227176},
  doi       = {10.1109/ICSE.2012.6227176},
  timestamp = {Fri, 23 Dec 2016 17:00:12 +0100},
  biburl    = {http://dblp.uni-trier.de/rec/bib/conf/icse/TianLL12},
  bibsource = {dblp computer science bibliography, http://dblp.org}
}

@inproceedings{conf/icsm/SantosAEDV15,
  author    = {Gustavo Santos and
               Nicolas Anquetil and
               Anne Etien and
               St{\'{e}}phane Ducasse and
               Marco Tulio Valente},
  title     = {System specific, source code transformations},
  booktitle = {2015 {IEEE} International Conference on Software Maintenance and Evolution,
               {ICSME} 2015, Bremen, Germany, September 29 - October 1, 2015},
  pages     = {221--230},
  year      = {2015},
  crossref  = {DBLP:conf/icsm/2015},
  url       = {http://dx.doi.org/10.1109/ICSM.2015.7332468},
  doi       = {10.1109/ICSM.2015.7332468},
  timestamp = {Wed, 04 May 2016 11:21:25 +0200},
  biburl    = {http://dblp.uni-trier.de/rec/bib/conf/icsm/SantosAEDV15},
  bibsource = {dblp computer science bibliography, http://dblp.org}
}

@inproceedings{conf/sigsoft/GuJSZL15,
  author    = {Rui Gu and
               Guoliang Jin and
               Linhai Song and
               Linjie Zhu and
               Shan Lu},
  title     = {What change history tells us about thread synchronization},
  booktitle = {Proceedings of the 2015 10th Joint Meeting on Foundations of Software
               Engineering, {ESEC/FSE} 2015, Bergamo, Italy, August 30 - September
               4, 2015},
  pages     = {426--438},
  year      = {2015},
  crossref  = {DBLP:conf/sigsoft/2015},
  url       = {http://doi.acm.org/10.1145/2786805.2786815},
  doi       = {10.1145/2786805.2786815},
  timestamp = {Thu, 10 Sep 2015 16:05:11 +0200},
  biburl    = {http://dblp.uni-trier.de/rec/bib/conf/sigsoft/GuJSZL15},
  bibsource = {dblp computer science bibliography, http://dblp.org}
}

@article{journals/jss/PintoTFFB15,
  author    = {Gustavo Pinto and
               Weslley Torres and
               Benito Fernandes and
               Fernando Castor Filho and
               Roberto Souto Maior de Barros},
  title     = {A large-scale study on the usage of Java's concurrent programming
               constructs},
  journal   = {Journal of Systems and Software},
  volume    = {106},
  pages     = {59--81},
  year      = {2015},
  url       = {http://dx.doi.org/10.1016/j.jss.2015.04.064},
  doi       = {10.1016/j.jss.2015.04.064},
  timestamp = {Wed, 27 Apr 2016 18:20:22 +0200},
  biburl    = {http://dblp.uni-trier.de/rec/bib/journals/jss/PintoTFFB15},
  bibsource = {dblp computer science bibliography, http://dblp.org}
}

