@article{journals/ml/CortesV95,
  author    = {Corinna Cortes and
               Vladimir Vapnik},
  title     = {Support-Vector Networks},
  journal   = {Machine Learning},
  volume    = {20},
  number    = {3},
  pages     = {273--297},
  year      = {1995},
  url       = {http://dx.doi.org/10.1007/BF00994018},
  doi       = {10.1007/BF00994018},
  timestamp = {Thu, 26 May 2011 15:25:06 +0200},
  biburl    = {http://dblp.uni-trier.de/rec/bib/journals/ml/CortesV95},
  bibsource = {dblp computer science bibliography, http://dblp.org}
}

@article{libsvm,
 author = {Chang, Chih-Chung and Lin, Chih-Jen},
 title = {{LIBSVM}: A library for support vector machines},
 journal = {ACM Transactions on Intelligent Systems and Technology},
 volume = {2},
 issue = {3},
 year = {2011},
 pages = {27:1--27:27},
 note =	 {Software available at \url{http://www.csie.ntu.edu.tw/~cjlin/libsvm}}
}

@inproceedings{conf/icse/TianLL12,
  author    = {Yuan Tian and
               Julia L. Lawall and
               David Lo},
  title     = {Identifying Linux bug fixing patches},
  booktitle = {34th International Conference on Software Engineering, {ICSE} 2012,
               June 2-9, 2012, Zurich, Switzerland},
  pages     = {386--396},
  year      = {2012},
  crossref  = {DBLP:conf/icse/2012},
  url       = {http://dx.doi.org/10.1109/ICSE.2012.6227176},
  doi       = {10.1109/ICSE.2012.6227176},
  timestamp = {Fri, 23 Dec 2016 17:00:12 +0100},
  biburl    = {http://dblp.uni-trier.de/rec/bib/conf/icse/TianLL12},
  bibsource = {dblp computer science bibliography, http://dblp.org}
}

@inproceedings{conf/icsm/SantosAEDV15,
  author    = {Gustavo Santos and
               Nicolas Anquetil and
               Anne Etien and
               St{\'{e}}phane Ducasse and
               Marco Tulio Valente},
  title     = {System specific, source code transformations},
  booktitle = {2015 {IEEE} International Conference on Software Maintenance and Evolution,
               {ICSME} 2015, Bremen, Germany, September 29 - October 1, 2015},
  pages     = {221--230},
  year      = {2015},
  crossref  = {DBLP:conf/icsm/2015},
  url       = {http://dx.doi.org/10.1109/ICSM.2015.7332468},
  doi       = {10.1109/ICSM.2015.7332468},
  timestamp = {Wed, 04 May 2016 11:21:25 +0200},
  biburl    = {http://dblp.uni-trier.de/rec/bib/conf/icsm/SantosAEDV15},
  bibsource = {dblp computer science bibliography, http://dblp.org}
}

@inproceedings{conf/sigsoft/GuJSZL15,
  author    = {Rui Gu and
               Guoliang Jin and
               Linhai Song and
               Linjie Zhu and
               Shan Lu},
  title     = {What change history tells us about thread synchronization},
  booktitle = {Proceedings of the 2015 10th Joint Meeting on Foundations of Software
               Engineering, {ESEC/FSE} 2015, Bergamo, Italy, August 30 - September
               4, 2015},
  pages     = {426--438},
  year      = {2015},
  crossref  = {DBLP:conf/sigsoft/2015},
  url       = {http://doi.acm.org/10.1145/2786805.2786815},
  doi       = {10.1145/2786805.2786815},
  timestamp = {Thu, 10 Sep 2015 16:05:11 +0200},
  biburl    = {http://dblp.uni-trier.de/rec/bib/conf/sigsoft/GuJSZL15},
  bibsource = {dblp computer science bibliography, http://dblp.org}
}

@article{journals/jss/PintoTFFB15,
  author    = {Gustavo Pinto and
               Weslley Torres and
               Benito Fernandes and
               Fernando Castor Filho and
               Roberto Souto Maior de Barros},
  title     = {A large-scale study on the usage of Java's concurrent programming
               constructs},
  journal   = {Journal of Systems and Software},
  volume    = {106},
  pages     = {59--81},
  year      = {2015},
  url       = {http://dx.doi.org/10.1016/j.jss.2015.04.064},
  doi       = {10.1016/j.jss.2015.04.064},
  timestamp = {Wed, 27 Apr 2016 18:20:22 +0200},
  biburl    = {http://dblp.uni-trier.de/rec/bib/journals/jss/PintoTFFB15},
  bibsource = {dblp computer science bibliography, http://dblp.org}
}

